<record><leader>00000cas a2200000 a 4500</leader><controlfield tag="001">52763749</controlfield><controlfield tag="008">030731d19901993ilumn ne      0   a0eng c</controlfield><datafield ind1=" " ind2=" " tag="010"><subfield code="a">sn2003061829</subfield></datafield><datafield ind1=" " ind2=" " tag="040"><subfield code="a">NVF</subfield><subfield code="b">eng</subfield><subfield code="c">NVF</subfield><subfield code="d">CZL</subfield><subfield code="d">NVF</subfield><subfield code="d">OCLCO</subfield><subfield code="d">NVF</subfield><subfield code="d">OCLCF</subfield></datafield><datafield ind1=" " ind2=" " tag="019"><subfield code="a">226069328</subfield></datafield><datafield ind1="1" ind2=" " tag="029"><subfield code="a">AU@</subfield><subfield code="b">000024837334</subfield></datafield><datafield ind1=" " ind2=" " tag="042"><subfield code="a">pcc</subfield></datafield><datafield ind1=" " ind2=" " tag="043"><subfield code="a">n-us-il</subfield></datafield><datafield ind1="0" ind2="0" tag="245"><subfield code="a">Ye olde Hampton towne crier.</subfield></datafield><datafield ind1=" " ind2=" " tag="260"><subfield code="a">Hampton, IL :</subfield><subfield code="b">Bill and Carol Doose,</subfield><subfield code="c">1990-1993.</subfield></datafield><datafield ind1=" " ind2=" " tag="300"><subfield code="a">volumes</subfield></datafield><datafield ind1=" " ind2=" " tag="310"><subfield code="a">Monthly (except July)</subfield></datafield><datafield ind1="0" ind2=" " tag="362"><subfield code="a">Year 1, v. 1 (Apr. 1990)-year 4, v. 35 (June/July 1993).</subfield></datafield><datafield ind1=" " ind2="0" tag="651"><subfield code="a">Hampton (Ill.)</subfield><subfield code="v">Newspapers.</subfield></datafield><datafield ind1=" " ind2="7" tag="655"><subfield code="a">Newspapers.</subfield><subfield code="2">fast</subfield><subfield code="0">(OCoLC)fst01423814</subfield></datafield><datafield ind1=" " ind2="7" tag="651"><subfield code="a">Illinois</subfield><subfield code="z">Hampton.</subfield><subfield code="2">fast</subfield><subfield code="0">(OCoLC)fst01926140</subfield></datafield><datafield ind1=" " ind2=" " tag="752"><subfield code="a">United States</subfield><subfield code="b">Illinois</subfield><subfield code="c">Rock Island County</subfield><subfield code="d">Hampton.</subfield></datafield><datafield ind1="0" ind2="0" tag="785"><subfield code="t">Hampton towne crier</subfield><subfield code="w">(DLC)sn2003061812</subfield><subfield code="w">(OCoLC)52252900</subfield></datafield></record>